@Misc{tm4c,
	title = "TM4C1294NCPDT adatlap",
	howpublished = "\url{http://www.ti.com/lit/ds/symlink/tm4c1294ncpdt.pdf}",
	note = "Látogatás: 2017-12-07"
}


@Misc{mcp23s18,
	title = "MCP23S18 adatlap",
	howpublished = "\url{http://ww1.microchip.com/downloads/en/DeviceDoc/22103a.pdf}",
	note = "Látogatás: 2017-05-17"
}

@Misc{flash,
	title = "AT45DB321E-DTE adatlap",
	howpublished = "\url{http://www.tme.eu/en/Document/e3184090100272b67a422d10e8418c76/AT45DB321E-DTE.pdf}",
	note = "Látogatás: 2017-05-17"
}

@Misc{sn74,
	title = "SN74LS38D adatlap",
	howpublished = "\url{http://www.ti.com/lit/ds/symlink/sn74ls38.pdf}",
	note = "Látogatás: 2017-05-17"
}

@Misc{dcdc,
	title = "MC34063AD adatlap",
	howpublished = "\url{https://www.onsemi.com/pub/Collateral/MC34063A-D.PDF}",
	note = "Látogatás: 2017-05-16"
}

@Misc{switch,
	title = "FSA2257 adatlap.",
	howpublished = "\url{http://www.onsemi.com/pub/Collateral/FSA2257-D.pdf}",
	note = "Látogatás: 2017-12-07"
}

@Misc{tap,
	title = "SVS CCTV tápegység,",
	howpublished = "\url{https://www.amazon.in/ZVision-10Amp-Power-Supply-Driver/dp/B00Z9SF8BY/}",
	note = "Látogatás: 2017-12-07"
}

@Misc{mcp4161,
	title = "MCP4161 adatlap.",
	howpublished = "\url{http://ww1.microchip.com/downloads/en/DeviceDoc/22059b.pdf}",
	note = "Látogatás: 2017-12-07"
}

@Misc{asd,
	title = "",
	howpublished = "\url{}",
	note = "Látogatás: 2017-05-17"
}

